<?xml version="1.0" encoding="UTF-8"?><record xmlns="http://www.loc.gov/MARC21/slim" xmlns:cinclude="http://apache.org/cocoon/include/1.0" xmlns:zs="http://www.loc.gov/zing/srw/">
  <leader>01886cz  a2200361n  4500</leader>
  <controlfield tag="001">n 2014046935</controlfield>
  <controlfield tag="003">DLC</controlfield>
  <controlfield tag="005">20140826073852.0</controlfield>
  <controlfield tag="008">140805n| azannaabn          |a aaa      </controlfield>
  <datafield tag="010" ind1=" " ind2=" ">
    <subfield code="a">n 2014046935</subfield>
  </datafield>
  <datafield tag="035" ind1=" " ind2=" ">
    <subfield code="a">(OCoLC)oca09926968</subfield>
  </datafield>
  <datafield tag="040" ind1=" " ind2=" ">
    <subfield code="a">DLC</subfield>
    <subfield code="b">eng</subfield>
    <subfield code="e">rda</subfield>
    <subfield code="c">DLC</subfield>
    <subfield code="d">DLC</subfield>
    <subfield code="d">IEN</subfield>
  </datafield>
  <datafield tag="100" ind1="1" ind2=" ">
    <subfield code="a">Toro Rivas, Jorge Luis</subfield>
  </datafield>
  <datafield tag="370" ind1=" " ind2=" ">
    <subfield code="f">Pereira (Risaralda, Colombia)</subfield>
    <subfield code="2">naf</subfield>
  </datafield>
  <datafield tag="370" ind1=" " ind2=" ">
    <subfield code="f">Dabeiba (Antioquia, Colombia)</subfield>
    <subfield code="2">naf</subfield>
  </datafield>
  <datafield tag="370" ind1=" " ind2=" ">
    <subfield code="f">Rome (Italy)</subfield>
    <subfield code="2">naf</subfield>
  </datafield>
  <datafield tag="370" ind1=" " ind2=" ">
    <subfield code="f">Medellín (Colombia)</subfield>
    <subfield code="2">naf</subfield>
  </datafield>
  <datafield tag="372" ind1=" " ind2=" ">
    <subfield code="a">Veterinary medicine</subfield>
  </datafield>
  <datafield tag="372" ind1=" " ind2=" ">
    <subfield code="a">Philosophy</subfield>
  </datafield>
  <datafield tag="372" ind1=" " ind2=" ">
    <subfield code="a">Moral theology</subfield>
  </datafield>
  <datafield tag="372" ind1=" " ind2=" ">
    <subfield code="a">Psychology of consultation</subfield>
  </datafield>
  <datafield tag="372" ind1=" " ind2=" ">
    <subfield code="a">Religious education</subfield>
  </datafield>
  <datafield tag="373" ind1=" " ind2=" ">
    <subfield code="a">Universidad de Antioquia</subfield>
    <subfield code="2">naf</subfield>
    <subfield code="s">1979</subfield>
    <subfield code="t">1979</subfield>
  </datafield>
  <datafield tag="373" ind1=" " ind2=" ">
    <subfield code="a">Seminario Internacional San Pío X</subfield>
    <subfield code="s">1980</subfield>
    <subfield code="t">1982</subfield>
  </datafield>
  <datafield tag="373" ind1=" " ind2=" ">
    <subfield code="a">Seminario de Santa Rosa de Osos</subfield>
    <subfield code="s">1983</subfield>
    <subfield code="t">1986</subfield>
  </datafield>
  <datafield tag="373" ind1=" " ind2=" ">
    <subfield code="a">Ateneo Regina Apostolorum</subfield>
    <subfield code="s">2005</subfield>
    <subfield code="t">2007</subfield>
  </datafield>
  <datafield tag="373" ind1=" " ind2=" ">
    <subfield code="a">Universidad Católica de Pereira</subfield>
    <subfield code="2">naf</subfield>
    <subfield code="s">2011</subfield>
    <subfield code="t">2011</subfield>
  </datafield>
  <datafield tag="374" ind1=" " ind2=" ">
    <subfield code="a">Priest</subfield>
    <subfield code="s">1986</subfield>
  </datafield>
  <datafield tag="374" ind1=" " ind2=" ">
    <subfield code="a">Theologian</subfield>
  </datafield>
  <datafield tag="375" ind1=" " ind2=" ">
    <subfield code="a">male</subfield>
  </datafield>
  <datafield tag="377" ind1=" " ind2=" ">
    <subfield code="a">spa</subfield>
  </datafield>
  <datafield tag="400" ind1="1" ind2=" ">
    <subfield code="a">Rivas, Jorge Luis Toro</subfield>
  </datafield>
  <datafield tag="670" ind1=" " ind2=" ">
    <subfield code="a">¡Sí a la vida!, 2013:</subfield>
    <subfield code="b">cover (Pbro. Jorge Luis Toro Rivas) title page verso (Jorge Luis Toro Rivas) cover front flap (priest in the Diocese of Pereira (Colombia); ordained in Medellín by John Paul II on July 5, 1986; has served in Dadeiba, Antioquia, Colombia; studied two semester of veterinary medicine, Universidad de Antioquia (1979); studied philosophy at the Seminario Internacional San Pío X (1980-1982); studied theology at the Seminario de Santa Rosa de Osos (1983-1986); licenciado in moral theology, Pontificia Università gregoriana (1989-1991); licenciado in bioethics, Ateneo Regina Apostolorum (2005-2007); licenciado in religious education, Universidad Católica de Pereira (2011); diplomado in psychology of consultation, Ateneo Regina Apostolorum (2007))</subfield>
  </datafield>
</record>